@article{zienkiewicz1965,
	Author = {Zienkiewicz, O. C. and Cheung, Y. K.},
	Title = {Finite Elements in the Solution of Fiel Problems},
	Journal = {The Engineer},
	YEAR = {1965}}

@book{fish2007,
	Author = {Fish, J. and Belytschko, T.},
	Title = {A First Course in Finite Elements},
	Publisher = {John Wiley \& Sons, Ltd},
	YEAR = {2007}}

@mastersthesis{anjos2007,
	Author = {Anjos, G. R.},
	School = {Metallurgical and Materials Engineering, Federal University of Rio de Janeiro, Brazil},
	Title = {Hydrodynamics FIeld Solution of electrochemical Cells Through Finite Element Method},
	YEAR = {2007}}

@book{brenner1994,
	Author = {Brenner, S. C. and Scott, L. R.},
	Title = {The Mathematical Theory of Finite Element Methods},
	Publisher = {Springer},
	YEAR = {1994}}

@book{finlayson1972,
	Author = {Finlayson, B. A.},
	Title = {The Method Weighted Residuals and Variational Principles},
	Publisher = {Elsevier},
	YEAR = {1972}}

@book{lewis2004,
	Author = {Lewis, R. W. and Nithiarasu, P. and Seetharamu, K. N.},
	Title = {Fundamentals of the Finite Element Method for Heat and Fluid Flow},
	Publisher = {Wiley John and Sons},
	YEAR = {2004}}

@article{gresho1979,
	Author = {Gresho, P. M. and Lee, R. L.},
	Title = {Don't suppress the wiggles - They're telling you something},
	Journal = {Laweance Livermore Laboratory},
	YEAR = {1979}}

@article{python,
	author =    {Python, Software Foundation},
	title =     {Python Language Reference, version 2.7},
	year =      {1990},
	Journal = "http://www.python.org/",
	note = {[Online; accessed 12/12/2017 12:18]}}

@article{oms,
	author =    {World Health Organization (WHO),W},
	title =     {The top 10 causes of death},
	year =      {2018},
	Journal = "www.who.int/news-room/fact-sheets/detail/the-top-10-causes-of-death",
	note = {[Online; accessed 06-04-20 08:27pm]}}

@article{donea2004,
	Author = {Donea, J. and Huerta, A. and Ponthot, JP and Rodríguez‐Ferran, A},
	Title = {Arbitrary Lagrangian–Eulerian Methods},
	Journal = {In Encyclopedia of Computational Mechanics},
	YEAR = {2004}}

@article{batchelor1967,
	Author = {Batchelor, G.},
	Title = {An Introduction to Fluid Dynamics},
	Journal = {Cambridge University Press},
	YEAR = {1967}}

@article{pironneau1982,
	Author = {Pironneau, O.},
	Title = {On the transport-diffusion algorithm and its applications to the Navier-Stokes equations},
	Journal = {Numer. Math. 38, 309–332},
	YEAR = {1982}}

@article{lttccoppe,
	author =    {Laboratório de Transmissão e Tecnologia do Calor (LTTC), LTTC},
	title =     {},
	year =      {2020},
	Journal = "https://www.coppe.ufrj.br/pt-br/pesquisa/laboratorios/laboratorio-de-transmissao-e-tecnologia-do-calor-lttc",
	note = {[Online; accessed 06-29-20 11:50pm]}}

@article{spring2013,
	author =    {Spring, B and Ockene, JK and Gidding, SS and Mozaffarian, D and Moore, S and Rosal, MC and Brown, MD and Vafiadis, D and Cohen, DL and Burke, LE and Lloyd-Jones, D},
	title =     {Better population health through behavior change in adults: a call to action},
	year =      {2013},
	Journal = {Circulation}}

@article{sigwart1987,
        Author = {Sigwart, U. and Puel, J. and Mirkovitch, V. and Joffre, F. and Kappenberger, L.},
        Title = {Intravascular Stents to Prevent Occlusion and Restenosis after Transluminal Angioplasty},
        Journal = {The New England Journal of Medicine},
        YEAR = {1987}}

@article{c++,
	author =    {C++,ISO},
	title =     {Programming Language C++},
	year =      {2014},
	Journal = "https://isocpp.org/std/the-standard",
	note = {[Online; accessed 06/30/20 3:45pm]}}

@article{gmsh,
        Author = {Geuzaine, C. and Remacle, J.},
        Title = {GMSH: a three-dimensional finite element mesh generator with built-in pre- and post-processing facilities},
        Journal = {International Journal for Numerical Methods in Engineering},
        YEAR = {2009}}

@article{paraview,
        Author = {Henderson, A.},
        Title = {Paraview Guide, A parallel visualization application},
        Journal = {Kitware Inc.},
        YEAR = {2007}}

@article{babuska1971,
        Author = {Babuska, I.},
        Title = {Error bounds for Finite Element Method},
        Journal = {Numerische Mathematik},
        YEAR = {1971}}

@article{brezzi1974,
        Author = {Brezzi, F.},
        Title = {On the existence, uniqueness and approximation of saddle-point problems arising from lagrange multipliers},
        Journal = {Revue française d'automatique, informatique, recherche opérationnelle. Analyse numérique.},
        YEAR = {1974}}

